<?xml version="1.0" encoding="UTF-8"?><record xmlns="http://www.loc.gov/MARC21/slim" xmlns:cinclude="http://apache.org/cocoon/include/1.0" xmlns:zs="http://www.loc.gov/zing/srw/">
  <leader>00412cz  a2200121n  4500</leader>
  <controlfield tag="001">n 2006204316</controlfield>
  <controlfield tag="003">DLC</controlfield>
  <controlfield tag="005">20090415075110.0</controlfield>
  <controlfield tag="008">071212n| acannaabn          |n aaa      </controlfield>
  <datafield tag="010" ind1=" " ind2=" ">
    <subfield code="a">n 2006204316</subfield>
  </datafield>
  <datafield tag="040" ind1=" " ind2=" ">
    <subfield code="a">DLC</subfield>
    <subfield code="b">eng</subfield>
    <subfield code="c">DLC</subfield>
    <subfield code="d">DLC</subfield>
  </datafield>
  <datafield tag="100" ind1="1" ind2=" ">
    <subfield code="a">Somçağ, Selim,</subfield>
    <subfield code="d">1964-</subfield>
  </datafield>
  <datafield tag="670" ind1=" " ind2=" ">
    <subfield code="a">AB-Kıbrıs-Ermenistan, 2006:</subfield>
    <subfield code="b">t.p. (Selim Somçağ) p. 4 of cover (b. 1964 in İstanbul; studied at Boğaziçi Univ. Economics Dept. )</subfield>
  </datafield>
</record>